% Encoding: UTF-8


@article{agrawal20098,
  title={An 8 x times,5 Gb/s Parallel Receiver With Collaborative Timing Recovery},
  author={Agrawal, Ankur and Liu, Andrew and Hanumolu, Pavan Kumar and Wei, Gu-Yeon},
  journal={IEEE Journal of Solid-State Circuits},
  volume={44},
  number={11},
  pages={3120--3130},
  year={2009},
  publisher={IEEE}
}

@article{schinkel2009low,
  title={Low-power, high-speed transceivers for network-on-chip communication},
  author={Schinkel, Dani{\"e}l and Mensink, Eisse and Klumperink, Eric AM and van Tuijl, Ed and Nauta, Bram},
  journal={IEEE Transactions on Very Large Scale Integration (VLSI) Systems},
  volume={17},
  number={1},
  pages={12--21},
  year={2009},
  publisher={IEEE}
}

@inproceedings{verma2016methodology,
  title={A methodology for designing LVDS interface system},
  author={Verma, Seema and Chatterjee, Amitabh and others},
  booktitle={Embedded Computing and System Design (ISED), 2016 Sixth International Symposium on},
  pages={284--288},
  year={2016},
  organization={IEEE}
}

@inproceedings{zhang2009high,
  title={High performance on-chip differential signaling using passive compensation for global communication},
  author={Zhang, Ling and Zhang, Yulei and Tsuchiya, Akira and Hashimoto, Masanori and Kuh, Ernest S and Cheng, Chung-Kuan},
  booktitle={Design Automation Conference, 2009. ASP-DAC 2009. Asia and South Pacific},
  pages={385--390},
  year={2009},
  organization={IEEE}
}

@article{steenkiste1997high,
  title={A high-speed network interface for distributed-memory systems: architecture and applications},
  author={Steenkiste, Peter},
  journal={ACM Transactions on Computer Systems (TOCS)},
  volume={15},
  number={1},
  pages={75--109},
  year={1997},
  publisher={ACM}
}

@article{mueller1976timing,
  title={Timing recovery in digital synchronous data receivers},
  author={Mueller, Kurth and Muller, Markus},
  journal={IEEE Transactions on Communications},
  volume={24},
  number={5},
  pages={516--531},
  year={1976},
  publisher={IEEE}
}

@article{miller2005transition,
  title={Transition Density: What does it affect and why is it explicitly specified within the LeCroy SDA},
  author={Miller, Martin},
  journal={Technical Brief},
  volume={1},
  year={2005}
}

@inproceedings{vangal20075,
  title={A 5.1 GHz 0.34 mm 2 router for network-on-chip applications},
  author={Vangal, Sriram and Singh, Arvind and Howard, Jason and Dighe, Saurabh and Borkar, Nitin and Alvandpour, Atila},
  booktitle={VLSI Circuits, 2007 IEEE Symposium on},
  pages={42--43},
  year={2007},
  organization={IEEE}
}

@inproceedings{mensink20070,
  title={A 0.28 pJ/b 2Gb/s/ch transceiver in 90nm CMOS for 10mm on-chip interconnects},
  author={Mensink, Eisse and Schinkel, Daniel and Klumperink, Eric and van Tuijl, Ed and Nauta, Bram},
  booktitle={Solid-State Circuits Conference, 2007. ISSCC 2007. Digest of Technical Papers. IEEE International},
  pages={414--612},
  year={2007},
  organization={IEEE}
}

@article{mensink2007optimal,
  title={Optimal positions of twists in global on-chip differential interconnects},
  author={Mensink, Eisse and Schinkel, Danil and Klumperink, Eric AM and van Tuijl, Ed and Nauta, Bram},
  journal={IEEE transactions on very large scale integration (VLSI) systems},
  volume={15},
  number={4},
  pages={438--446},
  year={2007},
  publisher={IEEE}
}

@inproceedings{schinkel2007double,
  title={A double-tail latch-type voltage sense amplifier with 18ps setup+ hold time},
  author={Schinkel, Daniel and Mensink, Eisse and Klumperink, Eric and Van Tuijl, Ed and Nauta, Bram},
  booktitle={Solid-State Circuits Conference, 2007. ISSCC 2007. Digest of Technical Papers. IEEE International},
  pages={314--605},
  year={2007},
  organization={IEEE}
}